@inproceedings{5635176,
	Author = {Tonella, P. and Susi, A. and Palma, F.},
	Booktitle = {Search Based Software Engineering (SSBSE), 2010 Second International Symposium on},
	Doi = {10.1109/SSBSE.2010.17},
	Keywords = {implementation constraints;interactive GA;interactive genetic algorithm;limited resource allocation;noninteractive optimization;requirement analysts;requirement ordering;requirements prioritization;technical constraints;technical dependency;user priority;formal specification;formal verification;genetic algorithms;resource allocation;},
	Month = {September},
	Pages = {57 -66},
	Title = {Using Interactive \{GA\} for Requirements Prioritization},
	Year = {2010},
	Bdsk-Url-1 = {http://dx.doi.org/10.1109/SSBSE.2010.17}}
	
 
 @misc{ wiki:xxx,
   author = "Wikipedia",
   title = "Aérospatiale AS 350 Écureuil --- Wikipedia{,} L'enciclopedia libera",
   year = "2017",
   url = "http://it.wikipedia.org/w/index.php?title=A%C3%A9rospatiale_AS_350_%C3%89cureuil&oldid=86772639",
   note = "[Online; in data 1-maggio-2017]"
 }